<zs:record>
      <zs:recordPacking>xml</zs:recordPacking>
      <zs:recordData>
        <record xmlns="http://www.loc.gov/MARC21/slim">
          <leader>00476nz a2200109 4500</leader>
          <controlfield tag="001">30078030</controlfield>
          <controlfield tag="003">RISM</controlfield>
          <controlfield tag="005">20121108</controlfield>
          <controlfield tag="008">121108n||az|||||||##########||||||||||||</controlfield>
          <datafield tag="043" ind1=" " ind2=" ">
            <subfield code="c">United States</subfield>
          </datafield>
          <datafield tag="110" ind1="2" ind2=" ">
            <subfield code="a">University of Michigan, Special Collections Library</subfield>
            <subfield code="c">Ann Arbor, Ml</subfield>
            <subfield code="g">US-AAscl</subfield>
          </datafield>
          <datafield tag="622" ind1=" " ind2=" ">
            <subfield code="e">University of Michigan, Special, Collections Library, Hatcher Graduate Library 8 South,
              913 S. University Avenue, Ann Arbor, Ml 48109-1190, USA</subfield>
            <subfield code="u">http://www.lib.umich.edu/special-collections-library</subfield>
          </datafield>
          <idzebra xmlns="http://www.indexdata.dk/zebra/">
            <size>476</size>
            <score>625</score>
            <localnumber>835142</localnumber>
            <filename>sigla/sigla.mrc</filename>
          </idzebra>
        </record>
      </zs:recordData>
      <zs:recordPosition>454</zs:recordPosition>
    </zs:record>