<zs:record>
      <zs:recordPacking>xml</zs:recordPacking>
      <zs:recordData>
        <record xmlns="http://www.loc.gov/MARC21/slim">
          <leader>00515nz a2200121 4500</leader>
          <controlfield tag="001">30004187</controlfield>
          <controlfield tag="003">RISM</controlfield>
          <controlfield tag="005">20121108</controlfield>
          <controlfield tag="008">121108n||az|||||||##########||||||||||||</controlfield>
          <datafield tag="043" ind1=" " ind2=" ">
            <subfield code="c">United States</subfield>
          </datafield>
          <datafield tag="110" ind1="2" ind2=" ">
            <subfield code="a">Unicersity of Alaska, Anchorage, University Library, Special Collections, Music
              Collection</subfield>
            <subfield code="c">Anchorage, AK</subfield>
            <subfield code="g">US-ANCu</subfield>
          </datafield>
          <datafield tag="622" ind1=" " ind2=" ">
            <subfield code="e">Unicersity of Alaska, Anchorage,, University Library, Special, Collections, Music
              Collection, 3211 Providence Dr., US-Anchorage, AK, 99504, Vereinigte Staaten</subfield>
          </datafield>
          <datafield tag="852" ind1="2" ind2=" ">
            <subfield code="b">61.2180556, -149.9002778</subfield>
          </datafield>
          <idzebra xmlns="http://www.indexdata.dk/zebra/">
            <size>515</size>
            <score>625</score>
            <localnumber>834490</localnumber>
            <filename>sigla/sigla.mrc</filename>
          </idzebra>
        </record>
      </zs:recordData>
      <zs:recordPosition>421</zs:recordPosition>
    </zs:record>