<zs:record>
      <zs:recordPacking>xml</zs:recordPacking>
      <zs:recordData>
        <record xmlns="http://www.loc.gov/MARC21/slim">
          <leader>00531nz a2200133 4500</leader>
          <controlfield tag="001">30002189</controlfield>
          <controlfield tag="003">RISM</controlfield>
          <controlfield tag="005">20121108</controlfield>
          <controlfield tag="008">121108n||az|||||||##########||||||||||||</controlfield>
          <datafield tag="043" ind1=" " ind2=" ">
            <subfield code="c">United States</subfield>
          </datafield>
          <datafield tag="110" ind1="2" ind2=" ">
            <subfield code="a">University of Texas at Austin, The Harry Ransom Humanities Research Center</subfield>
            <subfield code="c">Austin, TX</subfield>
            <subfield code="g">US-AUS</subfield>
          </datafield>
          <datafield tag="410" ind1="2" ind2=" ">
            <subfield code="a">Miriam Lutcher Stark Library and Academie Center Library</subfield>
          </datafield>
          <datafield tag="622" ind1=" " ind2=" ">
            <subfield code="e">University of Texas at Austin, The Harry, Ransom Humanities Research Center, P.O. Box
              7219, Austin, TX 78712, USA</subfield>
            <subfield code="u">http://www.hrc.utexas.edu</subfield>
          </datafield>
          <datafield tag="670" ind1="2" ind2=" ">
            <subfield code="a">2000</subfield>
          </datafield>
          <idzebra xmlns="http://www.indexdata.dk/zebra/">
            <size>531</size>
            <score>625</score>
            <localnumber>836197</localnumber>
            <filename>sigla/sigla.mrc</filename>
          </idzebra>
        </record>
      </zs:recordData>
      <zs:recordPosition>557</zs:recordPosition>
    </zs:record>