<zs:record>
      <zs:recordPacking>xml</zs:recordPacking>
      <zs:recordData>
        <record xmlns="http://www.loc.gov/MARC21/slim">
          <leader>00422nz a2200133 4500</leader>
          <controlfield tag="001">30002239</controlfield>
          <controlfield tag="003">RISM</controlfield>
          <controlfield tag="005">20121108</controlfield>
          <controlfield tag="008">121108n||az|||||||##########||||||||||||</controlfield>
          <datafield tag="043" ind1=" " ind2=" ">
            <subfield code="c">United States</subfield>
          </datafield>
          <datafield tag="110" ind1="2" ind2=" ">
            <subfield code="a">University of Texas at Austin, Music Library</subfield>
            <subfield code="c">Austin, TX</subfield>
            <subfield code="g">US-AUSm</subfield>
          </datafield>
          <datafield tag="622" ind1=" " ind2=" ">
            <subfield code="e">University of Texas at Austin, Music, Library, US-Austin, TX 78712, Vereinigte
              Staaten</subfield>
          </datafield>
          <datafield tag="688" ind1="2" ind2=" ">
            <subfield code="a">Series C: AUS</subfield>
          </datafield>
          <datafield tag="852" ind1="2" ind2=" ">
            <subfield code="b">30.267153, -97.7430608</subfield>
          </datafield>
          <idzebra xmlns="http://www.indexdata.dk/zebra/">
            <size>422</size>
            <score>625</score>
            <localnumber>835726</localnumber>
            <filename>sigla/sigla.mrc</filename>
          </idzebra>
        </record>
      </zs:recordData>
      <zs:recordPosition>507</zs:recordPosition>
    </zs:record>