<zs:record>
      <zs:recordPacking>xml</zs:recordPacking>
      <zs:recordData>
        <record xmlns="http://www.loc.gov/MARC21/slim">
          <leader>00448nz a2200121 4500</leader>
          <controlfield tag="001">30004517</controlfield>
          <controlfield tag="003">RISM</controlfield>
          <controlfield tag="005">20121108</controlfield>
          <controlfield tag="008">121108n||az|||||||##########||||||||||||</controlfield>
          <datafield tag="043" ind1=" " ind2=" ">
            <subfield code="c">United States</subfield>
          </datafield>
          <datafield tag="110" ind1="2" ind2=" ">
            <subfield code="a">Johns Hopkins University, John Work Garrett Library</subfield>
            <subfield code="c">Baltimore, MD</subfield>
            <subfield code="g">US-BAug</subfield>
          </datafield>
          <datafield tag="622" ind1=" " ind2=" ">
            <subfield code="e">Johns Hopkins University, John Work, Garrett Library, Evergreen House, 4545 N Charles
              St.,, Baltimore, MD 21210, Vereinigte Staaten</subfield>
          </datafield>
          <datafield tag="852" ind1="2" ind2=" ">
            <subfield code="b">39.2903848, -76.6121893</subfield>
          </datafield>
          <idzebra xmlns="http://www.indexdata.dk/zebra/">
            <size>448</size>
            <score>625</score>
            <localnumber>832937</localnumber>
            <filename>sigla/sigla.mrc</filename>
          </idzebra>
        </record>
      </zs:recordData>
      <zs:recordPosition>333</zs:recordPosition>
    </zs:record>