<zs:record>
      <zs:recordPacking>xml</zs:recordPacking>
      <zs:recordData>
        <record xmlns="http://www.loc.gov/MARC21/slim">
          <leader>00957nz a2200205 4500</leader>
          <controlfield tag="001">30002212</controlfield>
          <controlfield tag="003">RISM</controlfield>
          <controlfield tag="005">20121108</controlfield>
          <controlfield tag="008">121108n||az|||||||##########||||||||||||</controlfield>
          <datafield tag="043" ind1=" " ind2=" ">
            <subfield code="c">United States</subfield>
          </datafield>
          <datafield tag="110" ind1="2" ind2=" ">
            <subfield code="a">Baldwin-Wallace College, Riemenschneider-Bach Institute, Emilie and Karl Riemenschneider
              Memorial Bach Library</subfield>
            <subfield code="c">Berea, OH</subfield>
            <subfield code="g">US-BER</subfield>
          </datafield>
          <datafield tag="410" ind1="2" ind2=" ">
            <subfield code="a">Ritter Library, Baldwin Wallace College</subfield>
          </datafield>
          <datafield tag="410" ind1="2" ind2=" ">
            <subfield code="a">Baldwin-Wallace College, Riemenschneider Bach Institute Library, Merner-Pfeiffer
              Hall</subfield>
          </datafield>
          <datafield tag="410" ind1="2" ind2=" ">
            <subfield code="a">Baldwin Wallace College</subfield>
          </datafield>
          <datafield tag="410" ind1="2" ind2=" ">
            <subfield code="a">E. and K. Riemenschneider Memorial Bach Library</subfield>
          </datafield>
          <datafield tag="410" ind1="2" ind2=" ">
            <subfield code="a">Baldwin-Wallace College, Riemenschneider-Bach Institute and Jones Memorial Music
              Library</subfield>
          </datafield>
          <datafield tag="622" ind1=" " ind2=" ">
            <subfield code="e">Baldwin-Wallace College,, Riemenschneider-Bach Institute, Emilie, and Karl
              Riemenschneider Memorial Bach, Library, 49 Seminary St., Berea, OH 44017, USA</subfield>
            <subfield code="u">http://www.bw.edu</subfield>
          </datafield>
          <datafield tag="688" ind1="2" ind2=" ">
            <subfield code="a">Series B: BERa</subfield>
          </datafield>
          <datafield tag="670" ind1="2" ind2=" ">
            <subfield code="a">20</subfield>
          </datafield>
          <datafield tag="852" ind1="2" ind2=" ">
            <subfield code="b">41.367635, -81.851987</subfield>
          </datafield>
          <idzebra xmlns="http://www.indexdata.dk/zebra/">
            <size>957</size>
            <score>625</score>
            <localnumber>831711</localnumber>
            <filename>sigla/sigla.mrc</filename>
          </idzebra>
        </record>
      </zs:recordData>
      <zs:recordPosition>248</zs:recordPosition>
    </zs:record>