<zs:record>
      <zs:recordPacking>xml</zs:recordPacking>
      <zs:recordData>
        <record xmlns="http://www.loc.gov/MARC21/slim">
          <leader>00689nz a2200169 4500</leader>
          <controlfield tag="001">30004194</controlfield>
          <controlfield tag="003">RISM</controlfield>
          <controlfield tag="005">20121108</controlfield>
          <controlfield tag="008">121108n||az|||||||##########||||||||||||</controlfield>
          <datafield tag="043" ind1=" " ind2=" ">
            <subfield code="c">United States</subfield>
          </datafield>
          <datafield tag="110" ind1="2" ind2=" ">
            <subfield code="a">Baldwin-Wallace College, Conservatory of Music, Ritter Library</subfield>
            <subfield code="c">Berea, OH</subfield>
            <subfield code="g">US-BERr</subfield>
          </datafield>
          <datafield tag="410" ind1="2" ind2=" ">
            <subfield code="a">Fern Patterson Jones Memorial Music Library</subfield>
          </datafield>
          <datafield tag="410" ind1="2" ind2=" ">
            <subfield code="a">Baldwin-Wallace College, Ritter Library of the Conservatory</subfield>
          </datafield>
          <datafield tag="410" ind1="2" ind2=" ">
            <subfield code="a">Ritter Library, Baldwin Wallace College</subfield>
          </datafield>
          <datafield tag="622" ind1=" " ind2=" ">
            <subfield code="e">Baldwin-Wallace College, Conservatory, of Music, Ritter Library, Baldwin-Wallace College,
              US-Berea, OH, 44017, Vereinigte Staaten</subfield>
          </datafield>
          <datafield tag="688" ind1="2" ind2=" ">
            <subfield code="a">Series B: BER; N-Grove: BER</subfield>
          </datafield>
          <datafield tag="852" ind1="2" ind2=" ">
            <subfield code="b">41.3661614, -81.8543026</subfield>
          </datafield>
          <idzebra xmlns="http://www.indexdata.dk/zebra/">
            <size>689</size>
            <score>625</score>
            <localnumber>834494</localnumber>
            <filename>sigla/sigla.mrc</filename>
          </idzebra>
        </record>
      </zs:recordData>
      <zs:recordPosition>425</zs:recordPosition>
    </zs:record>