<zs:record>
      <zs:recordPacking>xml</zs:recordPacking>
      <zs:recordData>
        <record xmlns="http://www.loc.gov/MARC21/slim">
          <leader>00397nz a2200121 4500</leader>
          <controlfield tag="001">30002214</controlfield>
          <controlfield tag="003">RISM</controlfield>
          <controlfield tag="005">20121108</controlfield>
          <controlfield tag="008">121108n||az|||||||##########||||||||||||</controlfield>
          <datafield tag="043" ind1=" " ind2=" ">
            <subfield code="c">United States</subfield>
          </datafield>
          <datafield tag="110" ind1="2" ind2=" ">
            <subfield code="a">The Moravian archives</subfield>
            <subfield code="c">Bethlehem, PA</subfield>
            <subfield code="g">US-BETm</subfield>
          </datafield>
          <datafield tag="622" ind1=" " ind2=" ">
            <subfield code="e">The Moravian archives, 41 West Locust Street, Bethlehem, PA 18018, USA</subfield>
            <subfield code="u">http://www.moravianchurcharchives.org/</subfield>
          </datafield>
          <datafield tag="852" ind1="2" ind2=" ">
            <subfield code="b">40.6301471, -75.3803671</subfield>
          </datafield>
          <idzebra xmlns="http://www.indexdata.dk/zebra/">
            <size>397</size>
            <score>625</score>
            <localnumber>831712</localnumber>
            <filename>sigla/sigla.mrc</filename>
          </idzebra>
        </record>
      </zs:recordData>
      <zs:recordPosition>249</zs:recordPosition>
    </zs:record>