<zs:record>
      <zs:recordPacking>xml</zs:recordPacking>
      <zs:recordData>
        <record xmlns="http://www.loc.gov/MARC21/slim">
          <leader>00488nz a2200133 4500</leader>
          <controlfield tag="001">30002210</controlfield>
          <controlfield tag="003">RISM</controlfield>
          <controlfield tag="005">20121108</controlfield>
          <controlfield tag="008">121108n||az|||||||##########||||||||||||</controlfield>
          <datafield tag="043" ind1=" " ind2=" ">
            <subfield code="c">United States</subfield>
          </datafield>
          <datafield tag="110" ind1="2" ind2=" ">
            <subfield code="a">Jean Gray Hargrove Music Library - University of California</subfield>
            <subfield code="c">Berkeley, CA</subfield>
            <subfield code="g">US-BEm</subfield>
          </datafield>
          <datafield tag="622" ind1=" " ind2=" ">
            <subfield code="e">Jean Gray Hargrove Music Library -, University of California, Berkeley, CA 94720-6000,
              USA</subfield>
            <subfield code="u">http://www.lib.berkeley.edu/MUSI/</subfield>
          </datafield>
          <datafield tag="688" ind1="2" ind2=" ">
            <subfield code="a">Series A/I: BE; Series B: BE; N-Grove: BE</subfield>
          </datafield>
          <datafield tag="670" ind1="2" ind2=" ">
            <subfield code="a">7299</subfield>
          </datafield>
          <idzebra xmlns="http://www.indexdata.dk/zebra/">
            <size>488</size>
            <score>625</score>
            <localnumber>831343</localnumber>
            <filename>sigla/sigla.mrc</filename>
          </idzebra>
        </record>
      </zs:recordData>
      <zs:recordPosition>236</zs:recordPosition>
    </zs:record>