<zs:record>
      <zs:recordPacking>xml</zs:recordPacking>
      <zs:recordData>
        <record xmlns="http://www.loc.gov/MARC21/slim">
          <leader>00405nz a2200109 4500</leader>
          <controlfield tag="001">30005705</controlfield>
          <controlfield tag="003">RISM</controlfield>
          <controlfield tag="005">20121108</controlfield>
          <controlfield tag="008">121108n||az|||||||##########||||||||||||</controlfield>
          <datafield tag="043" ind1=" " ind2=" ">
            <subfield code="c">United States</subfield>
          </datafield>
          <datafield tag="110" ind1="2" ind2=" ">
            <subfield code="a">Indiana University, Archives of Traditional Music</subfield>
            <subfield code="c">Bloomington, IN</subfield>
            <subfield code="g">US-BLa</subfield>
          </datafield>
          <datafield tag="622" ind1=" " ind2=" ">
            <subfield code="e">Indiana University, Archives of, Traditional Music, Morrison Hall 117 and 120, US,
              -Bloomington IN 47405-2501, Vereinigte Staaten</subfield>
          </datafield>
          <idzebra xmlns="http://www.indexdata.dk/zebra/">
            <size>405</size>
            <score>625</score>
            <localnumber>832863</localnumber>
            <filename>sigla/sigla.mrc</filename>
          </idzebra>
        </record>
      </zs:recordData>
      <zs:recordPosition>317</zs:recordPosition>
    </zs:record>