<zs:record>
      <zs:recordPacking>xml</zs:recordPacking>
      <zs:recordData>
        <record xmlns="http://www.loc.gov/MARC21/slim">
          <leader>00573nz a2200133 4500</leader>
          <controlfield tag="001">30002199</controlfield>
          <controlfield tag="003">RISM</controlfield>
          <controlfield tag="005">20121108</controlfield>
          <controlfield tag="008">121108n||az|||||||##########||||||||||||</controlfield>
          <datafield tag="043" ind1=" " ind2=" ">
            <subfield code="c">United States</subfield>
          </datafield>
          <datafield tag="110" ind1="2" ind2=" ">
            <subfield code="a">Grand Lodge of Masons in Massachusetts, A. F. &amp; A. M. Library &lt;Boston,
              MA&gt;</subfield>
            <subfield code="c">Boston, MA</subfield>
            <subfield code="g">US-Bl</subfield>
          </datafield>
          <datafield tag="410" ind1="2" ind2=" ">
            <subfield code="a">Grand Lodge of Massachusetts, Ancient Free &amp; Accepted Masons Library</subfield>
          </datafield>
          <datafield tag="622" ind1=" " ind2=" ">
            <subfield code="e">Grand Lodge of Masons in Massachusetts,, A. F. &amp; A. M. Library, 186 Tremont St.,
              US-Boston, MA 02111, Vereinigte Staaten</subfield>
            <subfield code="u">http://www.massfreemasonry.org</subfield>
          </datafield>
          <datafield tag="852" ind1="2" ind2=" ">
            <subfield code="b">42.3584308, -71.0597732</subfield>
          </datafield>
          <idzebra xmlns="http://www.indexdata.dk/zebra/">
            <size>573</size>
            <score>625</score>
            <localnumber>836198</localnumber>
            <filename>sigla/sigla.mrc</filename>
          </idzebra>
        </record>
      </zs:recordData>
      <zs:recordPosition>558</zs:recordPosition>
    </zs:record>