<zs:record>
      <zs:recordPacking>xml</zs:recordPacking>
      <zs:recordData>
        <record xmlns="http://www.loc.gov/MARC21/slim">
          <leader>00528nz a2200133 4500</leader>
          <controlfield tag="001">30005657</controlfield>
          <controlfield tag="003">RISM</controlfield>
          <controlfield tag="005">20121108</controlfield>
          <controlfield tag="008">121108n||az|||||||##########||||||||||||</controlfield>
          <datafield tag="043" ind1=" " ind2=" ">
            <subfield code="c">United States</subfield>
          </datafield>
          <datafield tag="110" ind1="2" ind2=" ">
            <subfield code="a">Laurence Doheny Memorial Library, St. John's Seminary &lt;Camarillo, CA&gt;</subfield>
            <subfield code="c">Camarillo, CA</subfield>
            <subfield code="g">US-CAM</subfield>
          </datafield>
          <datafield tag="410" ind1="2" ind2=" ">
            <subfield code="a">St. John's Seminary</subfield>
          </datafield>
          <datafield tag="622" ind1=" " ind2=" ">
            <subfield code="e">Laurence Doheny Memorial Library, St., John's Seminary, 5012 East Seminary Road,
              US-Camarillo, CA 93010, Vereinigte Staaten</subfield>
            <subfield code="u">http://www.library.stjohnsem.edu</subfield>
          </datafield>
          <datafield tag="852" ind1="2" ind2=" ">
            <subfield code="b">34.2163937, -119.0376023</subfield>
          </datafield>
          <idzebra xmlns="http://www.indexdata.dk/zebra/">
            <size>528</size>
            <score>625</score>
            <localnumber>833492</localnumber>
            <filename>sigla/sigla.mrc</filename>
          </idzebra>
        </record>
      </zs:recordData>
      <zs:recordPosition>348</zs:recordPosition>
    </zs:record>