<zs:record>
      <zs:recordPacking>xml</zs:recordPacking>
      <zs:recordData>
        <record xmlns="http://www.loc.gov/MARC21/slim">
          <leader>00576nz a2200145 4500</leader>
          <controlfield tag="001">30002256</controlfield>
          <controlfield tag="003">RISM</controlfield>
          <controlfield tag="005">20121108</controlfield>
          <controlfield tag="008">121108n||az|||||||##########||||||||||||</controlfield>
          <datafield tag="043" ind1=" " ind2=" ">
            <subfield code="c">United States</subfield>
          </datafield>
          <datafield tag="110" ind1="2" ind2=" ">
            <subfield code="a">University of Maryland, Theodore R. McKeldin Library &lt;College Park, MD&gt;</subfield>
            <subfield code="c">College Park, MD</subfield>
            <subfield code="g">US-CP</subfield>
          </datafield>
          <datafield tag="410" ind1="2" ind2=" ">
            <subfield code="a">University of Maryland at College Park, McKeldin Library, Music Library</subfield>
          </datafield>
          <datafield tag="622" ind1=" " ind2=" ">
            <subfield code="e">University of Maryland, Theodore R., McKeldin Library &lt;College Park, MD&gt;,
              US-College Park, MD 20742, USA</subfield>
            <subfield code="u">http://www.lib.umd.edu/MCK/</subfield>
          </datafield>
          <datafield tag="670" ind1="2" ind2=" ">
            <subfield code="a">81</subfield>
          </datafield>
          <datafield tag="852" ind1="2" ind2=" ">
            <subfield code="b">38.9896967, -76.93776</subfield>
          </datafield>
          <idzebra xmlns="http://www.indexdata.dk/zebra/">
            <size>576</size>
            <score>625</score>
            <localnumber>830553</localnumber>
            <filename>sigla/sigla.mrc</filename>
          </idzebra>
        </record>
      </zs:recordData>
      <zs:recordPosition>143</zs:recordPosition>
    </zs:record>