<zs:record>
      <zs:recordPacking>xml</zs:recordPacking>
      <zs:recordData>
        <record xmlns="http://www.loc.gov/MARC21/slim">
          <leader>00468nz a2200109 4500</leader>
          <controlfield tag="001">30000499</controlfield>
          <controlfield tag="003">RISM</controlfield>
          <controlfield tag="005">20121108</controlfield>
          <controlfield tag="008">121108n||az|||||||##########||||||||||||</controlfield>
          <datafield tag="043" ind1=" " ind2=" ">
            <subfield code="c">United States</subfield>
          </datafield>
          <datafield tag="110" ind1="2" ind2=" ">
            <subfield code="a">University of Maryland, The Michelle Smith Performing Arts Library</subfield>
            <subfield code="c">College Park, MD</subfield>
            <subfield code="g">US-CPpa</subfield>
          </datafield>
          <datafield tag="622" ind1=" " ind2=" ">
            <subfield code="e">University of Maryland, The Michelle, Smith Performing Arts Library, 2511 Clarice Smith
              Performing Arts, Center, College Park, Maryland 20742, -1630, USA, Vereinigte Staaten</subfield>
          </datafield>
          <idzebra xmlns="http://www.indexdata.dk/zebra/">
            <size>468</size>
            <score>625</score>
            <localnumber>833569</localnumber>
            <filename>sigla/sigla.mrc</filename>
          </idzebra>
        </record>
      </zs:recordData>
      <zs:recordPosition>350</zs:recordPosition>
    </zs:record>