<zs:record>
      <zs:recordPacking>xml</zs:recordPacking>
      <zs:recordData>
        <record xmlns="http://www.loc.gov/MARC21/slim">
          <leader>00433nz a2200121 4500</leader>
          <controlfield tag="001">30002403</controlfield>
          <controlfield tag="003">RISM</controlfield>
          <controlfield tag="005">20121108</controlfield>
          <controlfield tag="008">121108n||az|||||||##########||||||||||||</controlfield>
          <datafield tag="043" ind1=" " ind2=" ">
            <subfield code="c">United States</subfield>
          </datafield>
          <datafield tag="110" ind1="2" ind2=" ">
            <subfield code="a">University of Chicago, Oriental Institute Library</subfield>
            <subfield code="c">Chicago, IL</subfield>
            <subfield code="g">US-Coi</subfield>
          </datafield>
          <datafield tag="622" ind1=" " ind2=" ">
            <subfield code="e">University of Chicago, Oriental, Institute Library, 1155 East 58th Street, Chicago, IL
              60637, USA</subfield>
            <subfield code="u">http://oi.uchicago.edu/</subfield>
          </datafield>
          <datafield tag="852" ind1="2" ind2=" ">
            <subfield code="b">41.763661, -87.803292</subfield>
          </datafield>
          <idzebra xmlns="http://www.indexdata.dk/zebra/">
            <size>433</size>
            <score>625</score>
            <localnumber>835878</localnumber>
            <filename>sigla/sigla.mrc</filename>
          </idzebra>
        </record>
      </zs:recordData>
      <zs:recordPosition>523</zs:recordPosition>
    </zs:record>