<zs:record>
      <zs:recordPacking>xml</zs:recordPacking>
      <zs:recordData>
        <record xmlns="http://www.loc.gov/MARC21/slim">
          <leader>00676nz a2200133 4500</leader>
          <controlfield tag="001">30004205</controlfield>
          <controlfield tag="003">RISM</controlfield>
          <controlfield tag="005">20121108</controlfield>
          <controlfield tag="008">121108n||az|||||||##########||||||||||||</controlfield>
          <datafield tag="043" ind1=" " ind2=" ">
            <subfield code="c">United States</subfield>
          </datafield>
          <datafield tag="110" ind1="2" ind2=" ">
            <subfield code="a">Chicago Public Library, Harold Washington Library Center, Visual and Performing Arts
              Department</subfield>
            <subfield code="c">Chicago, IL</subfield>
            <subfield code="g">US-Cp</subfield>
          </datafield>
          <datafield tag="410" ind1="2" ind2=" ">
            <subfield code="a">Chicago Public Library, Fine Arts Division, Music Section</subfield>
          </datafield>
          <datafield tag="622" ind1=" " ind2=" ">
            <subfield code="e">Chicago Public Library,, Harold Washington Library Center,, Visual and Performing Arts
              Department, Music Information Center, 400 South State Street, Chicago, IL 60605, USA</subfield>
            <subfield code="u">http://www.chipublib.org/branch/details/library/harold-washington/p/Vpa/</subfield>
          </datafield>
          <datafield tag="852" ind1="2" ind2=" ">
            <subfield code="b">41.8781136, -87.6297982</subfield>
          </datafield>
          <idzebra xmlns="http://www.indexdata.dk/zebra/">
            <size>676</size>
            <score>625</score>
            <localnumber>834003</localnumber>
            <filename>sigla/sigla.mrc</filename>
          </idzebra>
        </record>
      </zs:recordData>
      <zs:recordPosition>367</zs:recordPosition>
    </zs:record>