<zs:record>
      <zs:recordPacking>xml</zs:recordPacking>
      <zs:recordData>
        <record xmlns="http://www.loc.gov/MARC21/slim">
          <leader>00500nz a2200121 4500</leader>
          <controlfield tag="001">30004213</controlfield>
          <controlfield tag="003">RISM</controlfield>
          <controlfield tag="005">20121108</controlfield>
          <controlfield tag="008">121108n||az|||||||##########||||||||||||</controlfield>
          <datafield tag="043" ind1=" " ind2=" ">
            <subfield code="c">United States</subfield>
          </datafield>
          <datafield tag="110" ind1="2" ind2=" ">
            <subfield code="a">Northern Illinois University, Founders Memorial Library, Art/Music Cluster and
              Audio/Score Library</subfield>
            <subfield code="c">DeKalb, IL</subfield>
            <subfield code="g">US-DK</subfield>
          </datafield>
          <datafield tag="622" ind1=" " ind2=" ">
            <subfield code="e">Northern Illinois University, Founders, Memorial Library, Art/Music Cluster and,
              Audio/Score Library, US-DeKalb, IL 60115, Vereinigte Staaten</subfield>
          </datafield>
          <datafield tag="852" ind1="2" ind2=" ">
            <subfield code="b">41.9294736, -88.7503647</subfield>
          </datafield>
          <idzebra xmlns="http://www.indexdata.dk/zebra/">
            <size>500</size>
            <score>625</score>
            <localnumber>836288</localnumber>
            <filename>sigla/sigla.mrc</filename>
          </idzebra>
        </record>
      </zs:recordData>
      <zs:recordPosition>566</zs:recordPosition>
    </zs:record>