<zs:record>
      <zs:recordPacking>xml</zs:recordPacking>
      <zs:recordData>
        <record xmlns="http://www.loc.gov/MARC21/slim">
          <leader>00421nz a2200109 4500</leader>
          <controlfield tag="001">30002264</controlfield>
          <controlfield tag="003">RISM</controlfield>
          <controlfield tag="005">20121108</controlfield>
          <controlfield tag="008">121108n||az|||||||##########||||||||||||</controlfield>
          <datafield tag="043" ind1=" " ind2=" ">
            <subfield code="c">United States</subfield>
          </datafield>
          <datafield tag="110" ind1="2" ind2=" ">
            <subfield code="a">Prof. Dr. Warren Kirkendale private collection</subfield>
            <subfield code="c">Durham, NC</subfield>
            <subfield code="g">US-DMkirkendale</subfield>
          </datafield>
          <datafield tag="622" ind1=" " ind2=" ">
            <subfield code="e">Prof. Dr. Warren Kirkendale private, collection, Dept. of Music, Duke University, 6695,
              College Station, US-Durham, NC 27708, Vereinigte Staaten</subfield>
          </datafield>
          <idzebra xmlns="http://www.indexdata.dk/zebra/">
            <size>421</size>
            <score>625</score>
            <localnumber>831262</localnumber>
            <filename>sigla/sigla.mrc</filename>
          </idzebra>
        </record>
      </zs:recordData>
      <zs:recordPosition>211</zs:recordPosition>
    </zs:record>