<zs:record>
      <zs:recordPacking>xml</zs:recordPacking>
      <zs:recordData>
        <record xmlns="http://www.loc.gov/MARC21/slim">
          <leader>00476nz a2200121 4500</leader>
          <controlfield tag="001">30002263</controlfield>
          <controlfield tag="003">RISM</controlfield>
          <controlfield tag="005">20121108</controlfield>
          <controlfield tag="008">121108n||az|||||||##########||||||||||||</controlfield>
          <datafield tag="043" ind1=" " ind2=" ">
            <subfield code="c">United States</subfield>
          </datafield>
          <datafield tag="110" ind1="2" ind2=" ">
            <subfield code="a">Duke University Libraries, Music Library</subfield>
            <subfield code="c">Durham, NC</subfield>
            <subfield code="g">US-DMu</subfield>
          </datafield>
          <datafield tag="622" ind1=" " ind2=" ">
            <subfield code="e">Duke University Libraries, Music Library, 113 Mary Duke Biddle Music Building, P.O. Box
              90661, Durham, NC 27708-0661, USA</subfield>
            <subfield code="u">http://library.duke.edu/music/</subfield>
          </datafield>
          <datafield tag="688" ind1="2" ind2=" ">
            <subfield code="a">Series A/I: DM(u); N-Grove: DM; Series B: DM</subfield>
          </datafield>
          <idzebra xmlns="http://www.indexdata.dk/zebra/">
            <size>476</size>
            <score>625</score>
            <localnumber>831261</localnumber>
            <filename>sigla/sigla.mrc</filename>
          </idzebra>
        </record>
      </zs:recordData>
      <zs:recordPosition>210</zs:recordPosition>
    </zs:record>