<zs:record>
      <zs:recordPacking>xml</zs:recordPacking>
      <zs:recordData>
        <record xmlns="http://www.loc.gov/MARC21/slim">
          <leader>00627nz a2200121 4500</leader>
          <controlfield tag="001">30004216</controlfield>
          <controlfield tag="003">RISM</controlfield>
          <controlfield tag="005">20121108</controlfield>
          <controlfield tag="008">121108n||az|||||||##########||||||||||||</controlfield>
          <datafield tag="043" ind1=" " ind2=" ">
            <subfield code="c">United States</subfield>
          </datafield>
          <datafield tag="110" ind1="2" ind2=" ">
            <subfield code="a">Delaware State Museum, Eldridge Reeves Johnson Memorial Bldg., Bureau of Museums &amp;
              Historic Sites, Division of Historical and Cultural Affairs</subfield>
            <subfield code="c">Dover, DE</subfield>
            <subfield code="g">US-DOV</subfield>
          </datafield>
          <datafield tag="622" ind1=" " ind2=" ">
            <subfield code="e">Delaware State Museum, Eldridge Reeves, Johnson Memorial Bldg., Bureau of, Museums &amp;
              Historic Sites, Division of, Historical and Cultural Affairs, Hall of Records, 316 S Governors Ave.,,
              US-Dover, DE 19901, Vereinigte Staaten</subfield>
          </datafield>
          <datafield tag="852" ind1="2" ind2=" ">
            <subfield code="b">39.158168, -75.5243682</subfield>
          </datafield>
          <idzebra xmlns="http://www.indexdata.dk/zebra/">
            <size>627</size>
            <score>625</score>
            <localnumber>834010</localnumber>
            <filename>sigla/sigla.mrc</filename>
          </idzebra>
        </record>
      </zs:recordData>
      <zs:recordPosition>374</zs:recordPosition>
    </zs:record>