<zs:record>
      <zs:recordPacking>xml</zs:recordPacking>
      <zs:recordData>
        <record xmlns="http://www.loc.gov/MARC21/slim">
          <leader>00504nz a2200133 4500</leader>
          <controlfield tag="001">30002277</controlfield>
          <controlfield tag="003">RISM</controlfield>
          <controlfield tag="005">20121108</controlfield>
          <controlfield tag="008">121108n||az|||||||##########||||||||||||</controlfield>
          <datafield tag="043" ind1=" " ind2=" ">
            <subfield code="c">United States</subfield>
          </datafield>
          <datafield tag="110" ind1="2" ind2=" ">
            <subfield code="a">Southwest Baptist Theological Seminary</subfield>
            <subfield code="c">Fort Worth, TX</subfield>
            <subfield code="g">US-FW</subfield>
          </datafield>
          <datafield tag="410" ind1="2" ind2=" ">
            <subfield code="a">Southwestern Baptist Theological Seminary, Music Library, School of Church
              Music</subfield>
          </datafield>
          <datafield tag="622" ind1=" " ind2=" ">
            <subfield code="e">Southwest Baptist Theological Seminary, P.O. Box 22, 000-D4, US-Fort Worth, TX, 76122,
              Vereinigte Staaten</subfield>
          </datafield>
          <datafield tag="852" ind1="2" ind2=" ">
            <subfield code="b">32.683491, -97.3481664</subfield>
          </datafield>
          <idzebra xmlns="http://www.indexdata.dk/zebra/">
            <size>504</size>
            <score>625</score>
            <localnumber>835079</localnumber>
            <filename>sigla/sigla.mrc</filename>
          </idzebra>
        </record>
      </zs:recordData>
      <zs:recordPosition>447</zs:recordPosition>
    </zs:record>