<zs:record>
      <zs:recordPacking>xml</zs:recordPacking>
      <zs:recordData>
        <record xmlns="http://www.loc.gov/MARC21/slim">
          <leader>00434nz a2200121 4500</leader>
          <controlfield tag="001">30004224</controlfield>
          <controlfield tag="003">RISM</controlfield>
          <controlfield tag="005">20121108</controlfield>
          <controlfield tag="008">121108n||az|||||||##########||||||||||||</controlfield>
          <datafield tag="043" ind1=" " ind2=" ">
            <subfield code="c">United States</subfield>
          </datafield>
          <datafield tag="110" ind1="2" ind2=" ">
            <subfield code="a">University of Southern Mississippi, Libraries</subfield>
            <subfield code="c">Hattiesburg, MS</subfield>
            <subfield code="g">US-HAT</subfield>
          </datafield>
          <datafield tag="622" ind1=" " ind2=" ">
            <subfield code="e">University of Southern Mississippi,, Libraries, Southern Station, Box 5158, US,
              -Hattiesburg, MS 39401, Vereinigte Staaten</subfield>
          </datafield>
          <datafield tag="852" ind1="2" ind2=" ">
            <subfield code="b">31.3271189, -89.2903392</subfield>
          </datafield>
          <idzebra xmlns="http://www.indexdata.dk/zebra/">
            <size>434</size>
            <score>625</score>
            <localnumber>836290</localnumber>
            <filename>sigla/sigla.mrc</filename>
          </idzebra>
        </record>
      </zs:recordData>
      <zs:recordPosition>568</zs:recordPosition>
    </zs:record>