<zs:record>
      <zs:recordPacking>xml</zs:recordPacking>
      <zs:recordData>
        <record xmlns="http://www.loc.gov/MARC21/slim">
          <leader>00559nz a2200121 4500</leader>
          <controlfield tag="001">30004223</controlfield>
          <controlfield tag="003">RISM</controlfield>
          <controlfield tag="005">20121108</controlfield>
          <controlfield tag="008">121108n||az|||||||##########||||||||||||</controlfield>
          <datafield tag="043" ind1=" " ind2=" ">
            <subfield code="c">United States</subfield>
          </datafield>
          <datafield tag="110" ind1="2" ind2=" ">
            <subfield code="a">Pennsylvania Historical and Museum Commission, Division of Archives and
              Manuscripts</subfield>
            <subfield code="c">Harrisburg, PA</subfield>
            <subfield code="g">US-HGhm</subfield>
          </datafield>
          <datafield tag="622" ind1=" " ind2=" ">
            <subfield code="e">Pennsylvania Historical and Museum, Commission, Division of Archives and, Manuscripts,
              William Penn Memorial Museum and, Archives Bldg., Third and North Sts.,, (Box 1026), US-Harrisburg, PA,
              Vereinigte Staaten</subfield>
          </datafield>
          <datafield tag="852" ind1="2" ind2=" ">
            <subfield code="b">40.2737002, -76.8844179</subfield>
          </datafield>
          <idzebra xmlns="http://www.indexdata.dk/zebra/">
            <size>559</size>
            <score>625</score>
            <localnumber>830515</localnumber>
            <filename>sigla/sigla.mrc</filename>
          </idzebra>
        </record>
      </zs:recordData>
      <zs:recordPosition>133</zs:recordPosition>
    </zs:record>