<zs:record>
      <zs:recordPacking>xml</zs:recordPacking>
      <zs:recordData>
        <record xmlns="http://www.loc.gov/MARC21/slim">
          <leader>00522nz a2200121 4500</leader>
          <controlfield tag="001">30004230</controlfield>
          <controlfield tag="003">RISM</controlfield>
          <controlfield tag="005">20121108</controlfield>
          <controlfield tag="008">121108n||az|||||||##########||||||||||||</controlfield>
          <datafield tag="043" ind1=" " ind2=" ">
            <subfield code="c">United States</subfield>
          </datafield>
          <datafield tag="110" ind1="2" ind2=" ">
            <subfield code="a">Alaska Historical Library, Alaska Division of State Libraries and Museums &lt;Juneau,
              AK&gt;</subfield>
            <subfield code="c">Juneau, AK</subfield>
            <subfield code="g">US-JUh</subfield>
          </datafield>
          <datafield tag="622" ind1=" " ind2=" ">
            <subfield code="e">Alaska Historical Library, Alaska, Division of State Libraries and Museums, State Office
              Bldg., Pouch G, US-Juneau,, AK 99811, Vereinigte Staaten</subfield>
            <subfield code="u">http://library.state.ak.us</subfield>
          </datafield>
          <datafield tag="852" ind1="2" ind2=" ">
            <subfield code="b">58.3019444, -134.4197222</subfield>
          </datafield>
          <idzebra xmlns="http://www.indexdata.dk/zebra/">
            <size>522</size>
            <score>625</score>
            <localnumber>835740</localnumber>
            <filename>sigla/sigla.mrc</filename>
          </idzebra>
        </record>
      </zs:recordData>
      <zs:recordPosition>512</zs:recordPosition>
    </zs:record>