<zs:record>
      <zs:recordPacking>xml</zs:recordPacking>
      <zs:recordData>
        <record xmlns="http://www.loc.gov/MARC21/slim">
          <leader>00612nz a2200145 4500</leader>
          <controlfield tag="001">30002307</controlfield>
          <controlfield tag="003">RISM</controlfield>
          <controlfield tag="005">20121108</controlfield>
          <controlfield tag="008">121108n||az|||||||##########||||||||||||</controlfield>
          <datafield tag="043" ind1=" " ind2=" ">
            <subfield code="c">United States</subfield>
          </datafield>
          <datafield tag="110" ind1="2" ind2=" ">
            <subfield code="a">The University of Missouri - Kansas City, Conservatory of Music and Dance,
              Library</subfield>
            <subfield code="c">Kansas City, MO</subfield>
            <subfield code="g">US-KC</subfield>
          </datafield>
          <datafield tag="410" ind1="2" ind2=" ">
            <subfield code="a">University of Missouri, Kansas City Conservatory of Music, Library</subfield>
          </datafield>
          <datafield tag="622" ind1=" " ind2=" ">
            <subfield code="e">The University of Missouri - Kansas, City, Conservatory of Music and Dance,, Library,
              4420 Warwick Blvd., Kansas City, MO 64111, USA</subfield>
            <subfield code="u">http://conservatory.umkc.edu/</subfield>
          </datafield>
          <datafield tag="670" ind1="2" ind2=" ">
            <subfield code="a">25</subfield>
          </datafield>
          <datafield tag="852" ind1="2" ind2=" ">
            <subfield code="b">39.04639, -94.585149</subfield>
          </datafield>
          <idzebra xmlns="http://www.indexdata.dk/zebra/">
            <size>612</size>
            <score>625</score>
            <localnumber>835473</localnumber>
            <filename>sigla/sigla.mrc</filename>
          </idzebra>
        </record>
      </zs:recordData>
      <zs:recordPosition>485</zs:recordPosition>
    </zs:record>