<zs:record>
      <zs:recordPacking>xml</zs:recordPacking>
      <zs:recordData>
        <record xmlns="http://www.loc.gov/MARC21/slim">
          <leader>00572nz a2200145 4500</leader>
          <controlfield tag="001">30002311</controlfield>
          <controlfield tag="003">RISM</controlfield>
          <controlfield tag="005">20121108</controlfield>
          <controlfield tag="008">121108n||az|||||||##########||||||||||||</controlfield>
          <datafield tag="043" ind1=" " ind2=" ">
            <subfield code="c">United States</subfield>
          </datafield>
          <datafield tag="110" ind1="2" ind2=" ">
            <subfield code="a">University of California, William Andrews Clark Memorial Library</subfield>
            <subfield code="c">Los Angeles, CA</subfield>
            <subfield code="g">US-LAuc</subfield>
          </datafield>
          <datafield tag="622" ind1=" " ind2=" ">
            <subfield code="e">University of California, William, Andrews Clark Memorial Library, 2520 Cimarron St., Los
              Angeles, CA 90018-2098, USA</subfield>
            <subfield code="u">http://www.humnet.ucla.edu/humnet/clarklib/</subfield>
          </datafield>
          <datafield tag="688" ind1="2" ind2=" ">
            <subfield code="a">Series B: LA; Series B: LAu; Series C: LAu</subfield>
          </datafield>
          <datafield tag="670" ind1="2" ind2=" ">
            <subfield code="a">633</subfield>
          </datafield>
          <datafield tag="852" ind1="2" ind2=" ">
            <subfield code="b">34.033012, -118.314487</subfield>
          </datafield>
          <idzebra xmlns="http://www.indexdata.dk/zebra/">
            <size>572</size>
            <score>625</score>
            <localnumber>830391</localnumber>
            <filename>sigla/sigla.mrc</filename>
          </idzebra>
        </record>
      </zs:recordData>
      <zs:recordPosition>123</zs:recordPosition>
    </zs:record>