<zs:record>
      <zs:recordPacking>xml</zs:recordPacking>
      <zs:recordData>
        <record xmlns="http://www.loc.gov/MARC21/slim">
          <leader>00415nz a2200121 4500</leader>
          <controlfield tag="001">30004236</controlfield>
          <controlfield tag="003">RISM</controlfield>
          <controlfield tag="005">20121108</controlfield>
          <controlfield tag="008">121108n||az|||||||##########||||||||||||</controlfield>
          <datafield tag="043" ind1=" " ind2=" ">
            <subfield code="c">United States</subfield>
          </datafield>
          <datafield tag="110" ind1="2" ind2=" ">
            <subfield code="a">Mrs. June M. Dickinson, private collection</subfield>
            <subfield code="c">Livonia, NY</subfield>
            <subfield code="g">US-LVdickinson</subfield>
          </datafield>
          <datafield tag="622" ind1=" " ind2=" ">
            <subfield code="e">Mrs. June M. Dickinson, private, collection, 2904 E Lake Rd., US-Livonia, NY 14487,
              Vereinigte Staaten</subfield>
          </datafield>
          <datafield tag="852" ind1="2" ind2=" ">
            <subfield code="b">42.8214525, -77.6686097</subfield>
          </datafield>
          <idzebra xmlns="http://www.indexdata.dk/zebra/">
            <size>415</size>
            <score>625</score>
            <localnumber>836344</localnumber>
            <filename>sigla/sigla.mrc</filename>
          </idzebra>
        </record>
      </zs:recordData>
      <zs:recordPosition>573</zs:recordPosition>
    </zs:record>