<zs:record>
      <zs:recordPacking>xml</zs:recordPacking>
      <zs:recordData>
        <record xmlns="http://www.loc.gov/MARC21/slim">
          <leader>00637nz a2200145 4500</leader>
          <controlfield tag="001">30000316</controlfield>
          <controlfield tag="003">RISM</controlfield>
          <controlfield tag="005">20121108</controlfield>
          <controlfield tag="008">121108n||az|||||||##########||||||||||||</controlfield>
          <datafield tag="043" ind1=" " ind2=" ">
            <subfield code="c">United States</subfield>
          </datafield>
          <datafield tag="110" ind1="2" ind2=" ">
            <subfield code="a">Rutgers - The State University of New Jersey, Blanche and Irving Laurie Music Library,
              Mabel Smith Douglass Library</subfield>
            <subfield code="c">New Brunswick, NJ</subfield>
            <subfield code="g">US-NBu</subfield>
          </datafield>
          <datafield tag="622" ind1=" " ind2=" ">
            <subfield code="e">Rutgers - The State University of New, Jersey, Blanche and Irving Laurie Music, Library,
              Mabel Smith Douglass Library, 8 Chapel Drive, New Brunswick, NJ 08901-8527, USA</subfield>
            <subfield code="u">http://www.libraries.rutgers.edu/</subfield>
          </datafield>
          <datafield tag="688" ind1="2" ind2=" ">
            <subfield code="a">Series B: NB</subfield>
          </datafield>
          <datafield tag="670" ind1="2" ind2=" ">
            <subfield code="a">41</subfield>
          </datafield>
          <datafield tag="852" ind1="2" ind2=" ">
            <subfield code="b">40.4862157, -74.4518188</subfield>
          </datafield>
          <idzebra xmlns="http://www.indexdata.dk/zebra/">
            <size>637</size>
            <score>625</score>
            <localnumber>834188</localnumber>
            <filename>sigla/sigla.mrc</filename>
          </idzebra>
        </record>
      </zs:recordData>
      <zs:recordPosition>397</zs:recordPosition>
    </zs:record>