<zs:record>
      <zs:recordPacking>xml</zs:recordPacking>
      <zs:recordData>
        <record xmlns="http://www.loc.gov/MARC21/slim">
          <leader>00480nz a2200109 4500</leader>
          <controlfield tag="001">30005903</controlfield>
          <controlfield tag="003">RISM</controlfield>
          <controlfield tag="005">20121108</controlfield>
          <controlfield tag="008">121108n||az|||||||##########||||||||||||</controlfield>
          <datafield tag="043" ind1=" " ind2=" ">
            <subfield code="c">United States</subfield>
          </datafield>
          <datafield tag="110" ind1="2" ind2=" ">
            <subfield code="a">Yale University, Yale Center for British Art, Department of Prints, Drawings and Rare
              Books</subfield>
            <subfield code="c">New Haven, CT</subfield>
            <subfield code="g">US-NHba</subfield>
          </datafield>
          <datafield tag="622" ind1=" " ind2=" ">
            <subfield code="e">Yale University, Yale Center for, British Art, Department of Prints,, Drawings and Rare
              Books, 1080 Chapel Street, US-New Haven, CT, 06520-8280, Vereinigte Staaten</subfield>
          </datafield>
          <idzebra xmlns="http://www.indexdata.dk/zebra/">
            <size>480</size>
            <score>625</score>
            <localnumber>832698</localnumber>
            <filename>sigla/sigla.mrc</filename>
          </idzebra>
        </record>
      </zs:recordData>
      <zs:recordPosition>315</zs:recordPosition>
    </zs:record>