<zs:record>
      <zs:recordPacking>xml</zs:recordPacking>
      <zs:recordData>
        <record xmlns="http://www.loc.gov/MARC21/slim">
          <leader>00368nz a2200109 4500</leader>
          <controlfield tag="001">30004247</controlfield>
          <controlfield tag="003">RISM</controlfield>
          <controlfield tag="005">20121108</controlfield>
          <controlfield tag="008">121108n||az|||||||##########||||||||||||</controlfield>
          <datafield tag="043" ind1=" " ind2=" ">
            <subfield code="c">United States</subfield>
          </datafield>
          <datafield tag="110" ind1="2" ind2=" ">
            <subfield code="a">Yale University, Sterling Memorial Library</subfield>
            <subfield code="c">New Haven, CT</subfield>
            <subfield code="g">US-NHs</subfield>
          </datafield>
          <datafield tag="622" ind1=" " ind2=" ">
            <subfield code="e">Yale University, Sterling Memorial, Library, 120 High St., US-New Haven, CT 06520,
              Vereinigte Staaten</subfield>
          </datafield>
          <idzebra xmlns="http://www.indexdata.dk/zebra/">
            <size>368</size>
            <score>625</score>
            <localnumber>836413</localnumber>
            <filename>sigla/sigla.mrc</filename>
          </idzebra>
        </record>
      </zs:recordData>
      <zs:recordPosition>576</zs:recordPosition>
    </zs:record>