<zs:record>
      <zs:recordPacking>xml</zs:recordPacking>
      <zs:recordData>
        <record xmlns="http://www.loc.gov/MARC21/slim">
          <leader>00528nz a2200145 4500</leader>
          <controlfield tag="001">30003156</controlfield>
          <controlfield tag="003">RISM</controlfield>
          <controlfield tag="005">20121108</controlfield>
          <controlfield tag="008">121108n||az|||||||##########||||||||||||</controlfield>
          <datafield tag="043" ind1=" " ind2=" ">
            <subfield code="c">United States</subfield>
          </datafield>
          <datafield tag="110" ind1="2" ind2=" ">
            <subfield code="a">Yale University, Beinecke Rare Book and Manuscript Library</subfield>
            <subfield code="c">New Haven, CT</subfield>
            <subfield code="g">US-NHub</subfield>
          </datafield>
          <datafield tag="622" ind1=" " ind2=" ">
            <subfield code="e">Yale University, Beinecke Rare Book and, Manuscript Library, 121 Wall Street, New Haven,
              CT 06511, USA</subfield>
            <subfield code="u">http://www.library.yale.edu/beinecke/</subfield>
          </datafield>
          <datafield tag="688" ind1="2" ind2=" ">
            <subfield code="a">Series B: Yb; Series C: NHb</subfield>
          </datafield>
          <datafield tag="670" ind1="2" ind2=" ">
            <subfield code="a">1135</subfield>
          </datafield>
          <datafield tag="852" ind1="2" ind2=" ">
            <subfield code="b">41.311525, -72.927139</subfield>
          </datafield>
          <idzebra xmlns="http://www.indexdata.dk/zebra/">
            <size>528</size>
            <score>625</score>
            <localnumber>830247</localnumber>
            <filename>sigla/sigla.mrc</filename>
          </idzebra>
        </record>
      </zs:recordData>
      <zs:recordPosition>89</zs:recordPosition>
    </zs:record>