<zs:record>
      <zs:recordPacking>xml</zs:recordPacking>
      <zs:recordData>
        <record xmlns="http://www.loc.gov/MARC21/slim">
          <leader>00516nz a2200121 4500</leader>
          <controlfield tag="001">30004248</controlfield>
          <controlfield tag="003">RISM</controlfield>
          <controlfield tag="005">20121108</controlfield>
          <controlfield tag="008">121108n||az|||||||##########||||||||||||</controlfield>
          <datafield tag="043" ind1=" " ind2=" ">
            <subfield code="c">United States</subfield>
          </datafield>
          <datafield tag="110" ind1="2" ind2=" ">
            <subfield code="a">Historic New Orleans Collection, The Kemper and Leila Williams Foundation, Archives
              Division</subfield>
            <subfield code="c">New Orleans, LA</subfield>
            <subfield code="g">US-NORhc</subfield>
          </datafield>
          <datafield tag="622" ind1=" " ind2=" ">
            <subfield code="e">Historic New Orleans Collection, The, Kemper and Leila Williams Foundation,, Archives
              Division, 533 Royal St., US-New Orleans, LA 70130, Vereinigte Staaten</subfield>
          </datafield>
          <datafield tag="852" ind1="2" ind2=" ">
            <subfield code="b">29.9510658, -90.0715323</subfield>
          </datafield>
          <idzebra xmlns="http://www.indexdata.dk/zebra/">
            <size>516</size>
            <score>625</score>
            <localnumber>834126</localnumber>
            <filename>sigla/sigla.mrc</filename>
          </idzebra>
        </record>
      </zs:recordData>
      <zs:recordPosition>390</zs:recordPosition>
    </zs:record>