<zs:record>
      <zs:recordPacking>xml</zs:recordPacking>
      <zs:recordData>
        <record xmlns="http://www.loc.gov/MARC21/slim">
          <leader>00527nz a2200133 4500</leader>
          <controlfield tag="001">30002369</controlfield>
          <controlfield tag="003">RISM</controlfield>
          <controlfield tag="005">20121108</controlfield>
          <controlfield tag="008">121108n||az|||||||##########||||||||||||</controlfield>
          <datafield tag="043" ind1=" " ind2=" ">
            <subfield code="c">United States</subfield>
          </datafield>
          <datafield tag="110" ind1="2" ind2=" ">
            <subfield code="a">Grand Lodge Library and Museum, Free and Accepted Masons</subfield>
            <subfield code="c">New York City, NY</subfield>
            <subfield code="g">US-NYgl</subfield>
          </datafield>
          <datafield tag="410" ind1="2" ind2=" ">
            <subfield code="a">Grand Lodge Free and Accepted Masons of the State of New York, Library and
              Museum</subfield>
          </datafield>
          <datafield tag="622" ind1=" " ind2=" ">
            <subfield code="e">Grand Lodge Library and Museum, Free and, Accepted Masons, 71 W 23rd St., New York City,
              NY 10010, USA</subfield>
          </datafield>
          <datafield tag="852" ind1="2" ind2=" ">
            <subfield code="b">40.7143528, -74.0059731</subfield>
          </datafield>
          <idzebra xmlns="http://www.indexdata.dk/zebra/">
            <size>527</size>
            <score>625</score>
            <localnumber>830272</localnumber>
            <filename>sigla/sigla.mrc</filename>
          </idzebra>
        </record>
      </zs:recordData>
      <zs:recordPosition>102</zs:recordPosition>
    </zs:record>