<zs:record>
      <zs:recordPacking>xml</zs:recordPacking>
      <zs:recordData>
        <record xmlns="http://www.loc.gov/MARC21/slim">
          <leader>00524nz a2200133 4500</leader>
          <controlfield tag="001">30000321</controlfield>
          <controlfield tag="003">RISM</controlfield>
          <controlfield tag="005">20121108</controlfield>
          <controlfield tag="008">121108n||az|||||||##########||||||||||||</controlfield>
          <datafield tag="043" ind1=" " ind2=" ">
            <subfield code="c">United States</subfield>
          </datafield>
          <datafield tag="110" ind1="2" ind2=" ">
            <subfield code="a">New York Public Library at Lincoln Center, Music Division</subfield>
            <subfield code="c">New York City, NY</subfield>
            <subfield code="g">US-NYp</subfield>
          </datafield>
          <datafield tag="410" ind1="2" ind2=" ">
            <subfield code="a">Public Library at Lincoln Center, Library and Museum of the Performing Arts</subfield>
          </datafield>
          <datafield tag="622" ind1=" " ind2=" ">
            <subfield code="e">New York Public Library at Lincoln, Center, Music Division, 111 Amsterdam Ave, New York
              City, NY 10023, USA</subfield>
            <subfield code="u">http://nypl.org/</subfield>
          </datafield>
          <datafield tag="670" ind1="2" ind2=" ">
            <subfield code="a">2955</subfield>
          </datafield>
          <idzebra xmlns="http://www.indexdata.dk/zebra/">
            <size>524</size>
            <score>625</score>
            <localnumber>831080</localnumber>
            <filename>sigla/sigla.mrc</filename>
          </idzebra>
        </record>
      </zs:recordData>
      <zs:recordPosition>201</zs:recordPosition>
    </zs:record>