<zs:record>
      <zs:recordPacking>xml</zs:recordPacking>
      <zs:recordData>
        <record xmlns="http://www.loc.gov/MARC21/slim">
          <leader>00529nz a2200121 4500</leader>
          <controlfield tag="001">30006174</controlfield>
          <controlfield tag="003">RISM</controlfield>
          <controlfield tag="005">20121108</controlfield>
          <controlfield tag="008">121108n||az|||||||##########||||||||||||</controlfield>
          <datafield tag="043" ind1=" " ind2=" ">
            <subfield code="c">United States</subfield>
          </datafield>
          <datafield tag="110" ind1="2" ind2=" ">
            <subfield code="a">New York Public Library, Herter Collection of the Music Division, Astor, Lenox and Tilden
              Foundations</subfield>
            <subfield code="c">New York City, NY</subfield>
            <subfield code="g">US-NYph</subfield>
          </datafield>
          <datafield tag="622" ind1=" " ind2=" ">
            <subfield code="e">New York Public Library, Herter, Collection of the Music Division,, Astor, Lenox and
              Tilden Foundations, 18 Fifth Ave. and 42nd Str., New York City, NY, USA</subfield>
          </datafield>
          <datafield tag="852" ind1="2" ind2=" ">
            <subfield code="b">40.7143528, -74.0059731</subfield>
          </datafield>
          <idzebra xmlns="http://www.indexdata.dk/zebra/">
            <size>529</size>
            <score>625</score>
            <localnumber>831024</localnumber>
            <filename>sigla/sigla.mrc</filename>
          </idzebra>
        </record>
      </zs:recordData>
      <zs:recordPosition>195</zs:recordPosition>
    </zs:record>