<zs:record>
      <zs:recordPacking>xml</zs:recordPacking>
      <zs:recordData>
        <record xmlns="http://www.loc.gov/MARC21/slim">
          <leader>00458nz a2200133 4500</leader>
          <controlfield tag="001">30002342</controlfield>
          <controlfield tag="003">RISM</controlfield>
          <controlfield tag="005">20121108</controlfield>
          <controlfield tag="008">121108n||az|||||||##########||||||||||||</controlfield>
          <datafield tag="043" ind1=" " ind2=" ">
            <subfield code="c">United States</subfield>
          </datafield>
          <datafield tag="110" ind1="2" ind2=" ">
            <subfield code="a">Forbes Library &lt;Northampton, MA&gt;</subfield>
            <subfield code="c">Northampton, MA</subfield>
            <subfield code="g">US-Nf</subfield>
          </datafield>
          <datafield tag="410" ind1="2" ind2=" ">
            <subfield code="a">Forbes Library, Art and Music Department</subfield>
          </datafield>
          <datafield tag="622" ind1=" " ind2=" ">
            <subfield code="e">Forbes Library, 20 West St., US-Northampton, MA 01060, Vereinigte Staaten</subfield>
            <subfield code="u">http://www.forbeslibrary.org</subfield>
          </datafield>
          <datafield tag="852" ind1="2" ind2=" ">
            <subfield code="b">42.3250896, -72.6412013</subfield>
          </datafield>
          <idzebra xmlns="http://www.indexdata.dk/zebra/">
            <size>458</size>
            <score>625</score>
            <localnumber>829991</localnumber>
            <filename>sigla/sigla.mrc</filename>
          </idzebra>
        </record>
      </zs:recordData>
      <zs:recordPosition>68</zs:recordPosition>
    </zs:record>