<zs:record>
      <zs:recordPacking>xml</zs:recordPacking>
      <zs:recordData>
        <record xmlns="http://www.loc.gov/MARC21/slim">
          <leader>00531nz a2200145 4500</leader>
          <controlfield tag="001">30000310</controlfield>
          <controlfield tag="003">RISM</controlfield>
          <controlfield tag="005">20121108</controlfield>
          <controlfield tag="008">121108n||az|||||||##########||||||||||||</controlfield>
          <datafield tag="043" ind1=" " ind2=" ">
            <subfield code="c">United States</subfield>
          </datafield>
          <datafield tag="110" ind1="2" ind2=" ">
            <subfield code="a">Mills College, Margaret Prall Music Library</subfield>
            <subfield code="c">Oakland, CA</subfield>
            <subfield code="g">US-OAm</subfield>
          </datafield>
          <datafield tag="622" ind1=" " ind2=" ">
            <subfield code="e">Mills College, Margaret Prall Music, Library, 5000 MacArthur Blvd., Oakland, CA 94613,
              USA</subfield>
            <subfield code="u">http://www.mills.edu/academics/library/</subfield>
          </datafield>
          <datafield tag="680" ind1="2" ind2=" ">
            <subfield code="i">Papers of David W. Prall and Margaret C. Prall, 1908-1954.</subfield>
          </datafield>
          <datafield tag="670" ind1="2" ind2=" ">
            <subfield code="a">1</subfield>
          </datafield>
          <datafield tag="852" ind1="2" ind2=" ">
            <subfield code="b">37.7826776, -122.1875731</subfield>
          </datafield>
          <idzebra xmlns="http://www.indexdata.dk/zebra/">
            <size>531</size>
            <score>625</score>
            <localnumber>829781</localnumber>
            <filename>sigla/sigla.mrc</filename>
          </idzebra>
        </record>
      </zs:recordData>
      <zs:recordPosition>50</zs:recordPosition>
    </zs:record>