<zs:record>
      <zs:recordPacking>xml</zs:recordPacking>
      <zs:recordData>
        <record xmlns="http://www.loc.gov/MARC21/slim">
          <leader>00513nz a2200133 4500</leader>
          <controlfield tag="001">30002418</controlfield>
          <controlfield tag="003">RISM</controlfield>
          <controlfield tag="005">20121108</controlfield>
          <controlfield tag="008">121108n||az|||||||##########||||||||||||</controlfield>
          <datafield tag="043" ind1=" " ind2=" ">
            <subfield code="c">United States</subfield>
          </datafield>
          <datafield tag="110" ind1="2" ind2=" ">
            <subfield code="a">Grand Lodge, Free and Accepted Masons</subfield>
            <subfield code="c">Philadelphia, PA</subfield>
            <subfield code="g">US-PHgl</subfield>
          </datafield>
          <datafield tag="410" ind1="2" ind2=" ">
            <subfield code="a">Grand Lodge of Free and Accepted Masons of Pennsylvania, Library and Museum</subfield>
          </datafield>
          <datafield tag="622" ind1=" " ind2=" ">
            <subfield code="e">Grand Lodge, Free and Accepted Masons, Masonic Temple, 1 N Broad St., US, -Philadelphia,
              PA 19107, Vereinigte Staaten</subfield>
          </datafield>
          <datafield tag="852" ind1="2" ind2=" ">
            <subfield code="b">39.952335, -75.163789</subfield>
          </datafield>
          <idzebra xmlns="http://www.indexdata.dk/zebra/">
            <size>513</size>
            <score>625</score>
            <localnumber>829961</localnumber>
            <filename>sigla/sigla.mrc</filename>
          </idzebra>
        </record>
      </zs:recordData>
      <zs:recordPosition>60</zs:recordPosition>
    </zs:record>