<zs:record>
      <zs:recordPacking>xml</zs:recordPacking>
      <zs:recordData>
        <record xmlns="http://www.loc.gov/MARC21/slim">
          <leader>00411nz a2200121 4500</leader>
          <controlfield tag="001">30002430</controlfield>
          <controlfield tag="003">RISM</controlfield>
          <controlfield tag="005">20121108</controlfield>
          <controlfield tag="008">121108n||az|||||||##########||||||||||||</controlfield>
          <datafield tag="043" ind1=" " ind2=" ">
            <subfield code="c">United States</subfield>
          </datafield>
          <datafield tag="110" ind1="2" ind2=" ">
            <subfield code="a">Trinity Lutheran Church of Germantown</subfield>
            <subfield code="c">Philadelphia, PA</subfield>
            <subfield code="g">US-PHtr</subfield>
          </datafield>
          <datafield tag="622" ind1=" " ind2=" ">
            <subfield code="e">Trinity Lutheran Church of Germantown, 5300 Germantown Ave., US-Philadelphia,, PA 19144,
              Vereinigte Staaten</subfield>
          </datafield>
          <datafield tag="852" ind1="2" ind2=" ">
            <subfield code="b">40.031517, -75.169317</subfield>
          </datafield>
          <idzebra xmlns="http://www.indexdata.dk/zebra/">
            <size>411</size>
            <score>625</score>
            <localnumber>831908</localnumber>
            <filename>sigla/sigla.mrc</filename>
          </idzebra>
        </record>
      </zs:recordData>
      <zs:recordPosition>271</zs:recordPosition>
    </zs:record>