<zs:record>
      <zs:recordPacking>xml</zs:recordPacking>
      <zs:recordData>
        <record xmlns="http://www.loc.gov/MARC21/slim">
          <leader>00665nz a2200157 4500</leader>
          <controlfield tag="001">30004277</controlfield>
          <controlfield tag="003">RISM</controlfield>
          <controlfield tag="005">20121108</controlfield>
          <controlfield tag="008">121108n||az|||||||##########||||||||||||</controlfield>
          <datafield tag="043" ind1=" " ind2=" ">
            <subfield code="c">United States</subfield>
          </datafield>
          <datafield tag="110" ind1="2" ind2=" ">
            <subfield code="a">Brown University, John Hay Library, the Harris Collection of American Poetry and
              Plays</subfield>
            <subfield code="c">Providence, RI</subfield>
            <subfield code="g">US-PROh</subfield>
          </datafield>
          <datafield tag="410" ind1="2" ind2=" ">
            <subfield code="a">Brown University Libraries</subfield>
          </datafield>
          <datafield tag="410" ind1="2" ind2=" ">
            <subfield code="a">Brown University Library</subfield>
          </datafield>
          <datafield tag="622" ind1=" " ind2=" ">
            <subfield code="e">Brown University, John Hay Library, the, Harris Collection of American Poetry, and Plays,
              US-Providence, RI 02912, Vereinigte Staaten</subfield>
          </datafield>
          <datafield tag="688" ind1="2" ind2=" ">
            <subfield code="a">Series A/I: PROu; Series B: PRO; Series C: PROu; N-Grove: PROu; Series B: PROu</subfield>
          </datafield>
          <datafield tag="852" ind1="2" ind2=" ">
            <subfield code="b">41.8239891, -71.4128343</subfield>
          </datafield>
          <idzebra xmlns="http://www.indexdata.dk/zebra/">
            <size>665</size>
            <score>625</score>
            <localnumber>834276</localnumber>
            <filename>sigla/sigla.mrc</filename>
          </idzebra>
        </record>
      </zs:recordData>
      <zs:recordPosition>408</zs:recordPosition>
    </zs:record>