<zs:record>
      <zs:recordPacking>xml</zs:recordPacking>
      <zs:recordData>
        <record xmlns="http://www.loc.gov/MARC21/slim">
          <leader>00492nz a2200121 4500</leader>
          <controlfield tag="001">30002447</controlfield>
          <controlfield tag="003">RISM</controlfield>
          <controlfield tag="005">20121108</controlfield>
          <controlfield tag="008">121108n||az|||||||##########||||||||||||</controlfield>
          <datafield tag="043" ind1=" " ind2=" ">
            <subfield code="c">United States</subfield>
          </datafield>
          <datafield tag="110" ind1="2" ind2=" ">
            <subfield code="a">Brigham Young University, Harold B. Lee Library, Humanities Reference, Music</subfield>
            <subfield code="c">Provo, UT</subfield>
            <subfield code="g">US-PRV</subfield>
          </datafield>
          <datafield tag="622" ind1=" " ind2=" ">
            <subfield code="e">Brigham Young University, Harold B. Lee, Library, Humanities Reference, Music, P.O. Box
              26800, Provo, UT 84602-6800, USA</subfield>
            <subfield code="u">http://guides.lib.byu.edu/music</subfield>
          </datafield>
          <datafield tag="852" ind1="2" ind2=" ">
            <subfield code="b">40.2545445, -111.6477199</subfield>
          </datafield>
          <idzebra xmlns="http://www.indexdata.dk/zebra/">
            <size>492</size>
            <score>625</score>
            <localnumber>830103</localnumber>
            <filename>sigla/sigla.mrc</filename>
          </idzebra>
        </record>
      </zs:recordData>
      <zs:recordPosition>80</zs:recordPosition>
    </zs:record>