<zs:record>
      <zs:recordPacking>xml</zs:recordPacking>
      <zs:recordData>
        <record xmlns="http://www.loc.gov/MARC21/slim">
          <leader>00561nz a2200121 4500</leader>
          <controlfield tag="001">30004273</controlfield>
          <controlfield tag="003">RISM</controlfield>
          <controlfield tag="005">20121108</controlfield>
          <controlfield tag="008">121108n||az|||||||##########||||||||||||</controlfield>
          <datafield tag="043" ind1=" " ind2=" ">
            <subfield code="c">United States</subfield>
          </datafield>
          <datafield tag="110" ind1="2" ind2=" ">
            <subfield code="a">Duquesne University Tamburitzans, Institute of Folk Arts, Tamburitzans Cultural Center
              Library/Museum/Archives</subfield>
            <subfield code="c">Pittsburgh, PA</subfield>
            <subfield code="g">US-Pdt</subfield>
          </datafield>
          <datafield tag="622" ind1=" " ind2=" ">
            <subfield code="e">Duquesne University Tamburitzans,, Institute of Folk Arts, Tamburitzans, Cultural Center
              Library/Museum/Archives, 1801 Blvd. of the Allies, US, -Pittsburgh, PA 15219, Vereinigte
              Staaten</subfield>
          </datafield>
          <datafield tag="852" ind1="2" ind2=" ">
            <subfield code="b">40.4406248, -79.9958864</subfield>
          </datafield>
          <idzebra xmlns="http://www.indexdata.dk/zebra/">
            <size>561</size>
            <score>625</score>
            <localnumber>834234</localnumber>
            <filename>sigla/sigla.mrc</filename>
          </idzebra>
        </record>
      </zs:recordData>
      <zs:recordPosition>406</zs:recordPosition>
    </zs:record>