<zs:record>
      <zs:recordPacking>xml</zs:recordPacking>
      <zs:recordData>
        <record xmlns="http://www.loc.gov/MARC21/slim">
          <leader>00456nz a2200121 4500</leader>
          <controlfield tag="001">30002450</controlfield>
          <controlfield tag="003">RISM</controlfield>
          <controlfield tag="005">20121108</controlfield>
          <controlfield tag="008">121108n||az|||||||##########||||||||||||</controlfield>
          <datafield tag="043" ind1=" " ind2=" ">
            <subfield code="c">United States</subfield>
          </datafield>
          <datafield tag="110" ind1="2" ind2=" ">
            <subfield code="a">Sibley Music Library, Eastman School of Music, University of Rochester</subfield>
            <subfield code="c">Rochester, NY</subfield>
            <subfield code="g">US-R</subfield>
          </datafield>
          <datafield tag="622" ind1=" " ind2=" ">
            <subfield code="e">Sibley Music Library, Eastman School of, Music, University of Rochester, 27 Gibbs St.,
              Rochester, NY 14604, USA</subfield>
            <subfield code="u">http://www.esm.rochester.edu/</subfield>
          </datafield>
          <datafield tag="670" ind1="2" ind2=" ">
            <subfield code="a">1138</subfield>
          </datafield>
          <idzebra xmlns="http://www.indexdata.dk/zebra/">
            <size>456</size>
            <score>625</score>
            <localnumber>835922</localnumber>
            <filename>sigla/sigla.mrc</filename>
          </idzebra>
        </record>
      </zs:recordData>
      <zs:recordPosition>536</zs:recordPosition>
    </zs:record>