<zs:record>
      <zs:recordPacking>xml</zs:recordPacking>
      <zs:recordData>
        <record xmlns="http://www.loc.gov/MARC21/slim">
          <leader>00443nz a2200121 4500</leader>
          <controlfield tag="001">30076537</controlfield>
          <controlfield tag="003">RISM</controlfield>
          <controlfield tag="005">20121108</controlfield>
          <controlfield tag="008">121108n||az|||||||##########||||||||||||</controlfield>
          <datafield tag="043" ind1=" " ind2=" ">
            <subfield code="c">United States</subfield>
          </datafield>
          <datafield tag="110" ind1="2" ind2=" ">
            <subfield code="a">Old Mission San Juan Bautista, Museum</subfield>
            <subfield code="c">San Juan Bautista, CA</subfield>
            <subfield code="g">US-SJBm</subfield>
          </datafield>
          <datafield tag="622" ind1=" " ind2=" ">
            <subfield code="e">Old Mission San Juan Bautista, Museum, P.O. Box 400, 406 2nd Street, San Juan Bautista,
              CA 95045, USA</subfield>
            <subfield code="u">http://www.oldmissionsjb.org</subfield>
          </datafield>
          <datafield tag="852" ind1="2" ind2=" ">
            <subfield code="b">36.8455108, -121.5379974</subfield>
          </datafield>
          <idzebra xmlns="http://www.indexdata.dk/zebra/">
            <size>443</size>
            <score>625</score>
            <localnumber>834831</localnumber>
            <filename>sigla/sigla.mrc</filename>
          </idzebra>
        </record>
      </zs:recordData>
      <zs:recordPosition>430</zs:recordPosition>
    </zs:record>