<zs:record>
      <zs:recordPacking>xml</zs:recordPacking>
      <zs:recordData>
        <record xmlns="http://www.loc.gov/MARC21/slim">
          <leader>00454nz a2200121 4500</leader>
          <controlfield tag="001">30006045</controlfield>
          <controlfield tag="003">RISM</controlfield>
          <controlfield tag="005">20121108</controlfield>
          <controlfield tag="008">121108n||az|||||||##########||||||||||||</controlfield>
          <datafield tag="043" ind1=" " ind2=" ">
            <subfield code="c">United States</subfield>
          </datafield>
          <datafield tag="110" ind1="2" ind2=" ">
            <subfield code="a">Ira F. Brilliant Center for Beethoven Studies, San Jos State University</subfield>
            <subfield code="c">San Jos, CA</subfield>
            <subfield code="g">US-SJb</subfield>
          </datafield>
          <datafield tag="622" ind1=" " ind2=" ">
            <subfield code="e">Ira F. Brilliant Center for Beethoven, Studies, San Jos State University, US-San Jos
              (Cal.), Vereinigte Staaten</subfield>
          </datafield>
          <datafield tag="852" ind1="2" ind2=" ">
            <subfield code="b">37.3356896, -121.8852326</subfield>
          </datafield>
          <idzebra xmlns="http://www.indexdata.dk/zebra/">
            <size>454</size>
            <score>625</score>
            <localnumber>831440</localnumber>
            <filename>sigla/sigla.mrc</filename>
          </idzebra>
        </record>
      </zs:recordData>
      <zs:recordPosition>240</zs:recordPosition>
    </zs:record>