<zs:record>
      <zs:recordPacking>xml</zs:recordPacking>
      <zs:recordData>
        <record xmlns="http://www.loc.gov/MARC21/slim">
          <leader>00477nz a2200109 4500</leader>
          <controlfield tag="001">30004283</controlfield>
          <controlfield tag="003">RISM</controlfield>
          <controlfield tag="005">20121108</controlfield>
          <controlfield tag="008">121108n||az|||||||##########||||||||||||</controlfield>
          <datafield tag="043" ind1=" " ind2=" ">
            <subfield code="c">United States</subfield>
          </datafield>
          <datafield tag="110" ind1="2" ind2=" ">
            <subfield code="a">Church of Jesus Christ of Latter-Day Saints, Historical Department,
              Library-Archives</subfield>
            <subfield code="c">Salt Lake City, UT</subfield>
            <subfield code="g">US-SLClds</subfield>
          </datafield>
          <datafield tag="622" ind1=" " ind2=" ">
            <subfield code="e">Church of Jesus Christ of Latter-Day, Saints, Historical Department, Library, -Archives,
              50 E North Temple St., US-Salt Lake, City, UT 84150, Vereinigte Staaten</subfield>
          </datafield>
          <idzebra xmlns="http://www.indexdata.dk/zebra/">
            <size>477</size>
            <score>625</score>
            <localnumber>834299</localnumber>
            <filename>sigla/sigla.mrc</filename>
          </idzebra>
        </record>
      </zs:recordData>
      <zs:recordPosition>415</zs:recordPosition>
    </zs:record>