<zs:record>
      <zs:recordPacking>xml</zs:recordPacking>
      <zs:recordData>
        <record xmlns="http://www.loc.gov/MARC21/slim">
          <leader>00452nz a2200109 4500</leader>
          <controlfield tag="001">30078028</controlfield>
          <controlfield tag="003">RISM</controlfield>
          <controlfield tag="005">20121108</controlfield>
          <controlfield tag="008">121108n||az|||||||##########||||||||||||</controlfield>
          <datafield tag="043" ind1=" " ind2=" ">
            <subfield code="c">United States</subfield>
          </datafield>
          <datafield tag="110" ind1="2" ind2=" ">
            <subfield code="a">The Schubert Club Museum, Gilman Ordway Manuscript Collection</subfield>
            <subfield code="c">Saint Paul, MN</subfield>
            <subfield code="g">US-SPAsc</subfield>
          </datafield>
          <datafield tag="622" ind1=" " ind2=" ">
            <subfield code="e">The Schubert Club Museum, Gilman Ordway, Manuscript Collection, 75 W 5th Street, 302
              Landmark Center, Saint Paul, MN 55102, USA</subfield>
            <subfield code="u">http://www.schubert.org/index.php</subfield>
          </datafield>
          <idzebra xmlns="http://www.indexdata.dk/zebra/">
            <size>452</size>
            <score>625</score>
            <localnumber>835140</localnumber>
            <filename>sigla/sigla.mrc</filename>
          </idzebra>
        </record>
      </zs:recordData>
      <zs:recordPosition>452</zs:recordPosition>
    </zs:record>