<zs:record>
      <zs:recordPacking>xml</zs:recordPacking>
      <zs:recordData>
        <record xmlns="http://www.loc.gov/MARC21/slim">
          <leader>00453nz a2200121 4500</leader>
          <controlfield tag="001">30002476</controlfield>
          <controlfield tag="003">RISM</controlfield>
          <controlfield tag="005">20121108</controlfield>
          <controlfield tag="008">121108n||az|||||||##########||||||||||||</controlfield>
          <datafield tag="043" ind1=" " ind2=" ">
            <subfield code="c">United States</subfield>
          </datafield>
          <datafield tag="110" ind1="2" ind2=" ">
            <subfield code="a">Mr. and Mrs. David Burchuk private collection</subfield>
            <subfield code="c">Silver Spring, MD</subfield>
            <subfield code="g">US-SSburchuk</subfield>
          </datafield>
          <datafield tag="410" ind1="2" ind2=" ">
            <subfield code="a">Mrs. Rhoda Lee Burchuk, private collection</subfield>
          </datafield>
          <datafield tag="622" ind1=" " ind2=" ">
            <subfield code="e">Mr. and Mrs. David Burchuk private, collection, 710 Milestone Dr., US-Silver Spring, MD,
              20910, Vereinigte Staaten</subfield>
          </datafield>
          <idzebra xmlns="http://www.indexdata.dk/zebra/">
            <size>453</size>
            <score>625</score>
            <localnumber>832020</localnumber>
            <filename>sigla/sigla.mrc</filename>
          </idzebra>
        </record>
      </zs:recordData>
      <zs:recordPosition>282</zs:recordPosition>
    </zs:record>