<zs:record>
      <zs:recordPacking>xml</zs:recordPacking>
      <zs:recordData>
        <record xmlns="http://www.loc.gov/MARC21/slim">
          <leader>00443nz a2200121 4500</leader>
          <controlfield tag="001">30070408</controlfield>
          <controlfield tag="003">RISM</controlfield>
          <controlfield tag="005">20121108</controlfield>
          <controlfield tag="008">121108n||az|||||||##########||||||||||||</controlfield>
          <datafield tag="043" ind1=" " ind2=" ">
            <subfield code="c">United States</subfield>
          </datafield>
          <datafield tag="110" ind1="2" ind2=" ">
            <subfield code="a">Wake Forest University, Z. Smith Reynolds Library</subfield>
            <subfield code="c">Winston-Salem, NC</subfield>
            <subfield code="g">US-WSzsr</subfield>
          </datafield>
          <datafield tag="622" ind1=" " ind2=" ">
            <subfield code="e">Wake Forest University, Z. Smith, Reynolds Library, 1834 Wake Forest Road, Winston-Salem,
              NC 27106, USA</subfield>
            <subfield code="u">http://zsr.wfu.edu</subfield>
          </datafield>
          <datafield tag="852" ind1="2" ind2=" ">
            <subfield code="b">36.0998596, -80.244216</subfield>
          </datafield>
          <idzebra xmlns="http://www.indexdata.dk/zebra/">
            <size>443</size>
            <score>625</score>
            <localnumber>834447</localnumber>
            <filename>sigla/sigla.mrc</filename>
          </idzebra>
        </record>
      </zs:recordData>
      <zs:recordPosition>420</zs:recordPosition>
    </zs:record>