<zs:record>
      <zs:recordPacking>xml</zs:recordPacking>
      <zs:recordData>
        <record xmlns="http://www.loc.gov/MARC21/slim">
          <leader>00520nz a2200121 4500</leader>
          <controlfield tag="001">30004301</controlfield>
          <controlfield tag="003">RISM</controlfield>
          <controlfield tag="005">20121108</controlfield>
          <controlfield tag="008">121108n||az|||||||##########||||||||||||</controlfield>
          <datafield tag="043" ind1=" " ind2=" ">
            <subfield code="c">United States</subfield>
          </datafield>
          <datafield tag="110" ind1="2" ind2=" ">
            <subfield code="a">District of Columbia Public Library, Martin Luther King Memorial Library, Music and
              Recreation Division</subfield>
            <subfield code="c">Washington, D.C.</subfield>
            <subfield code="g">US-Wp</subfield>
          </datafield>
          <datafield tag="622" ind1=" " ind2=" ">
            <subfield code="e">District of Columbia Public Library,, Martin Luther King Memorial Library,, Music and
              Recreation Division, 901 G St. NW, Washington, D.C. 20001, USA</subfield>
          </datafield>
          <datafield tag="852" ind1="2" ind2=" ">
            <subfield code="b">38.8951118, -77.0363658</subfield>
          </datafield>
          <idzebra xmlns="http://www.indexdata.dk/zebra/">
            <size>520</size>
            <score>625</score>
            <localnumber>835621</localnumber>
            <filename>sigla/sigla.mrc</filename>
          </idzebra>
        </record>
      </zs:recordData>
      <zs:recordPosition>501</zs:recordPosition>
    </zs:record>